<?xml version="1.0" encoding="utf-8"?>
<record xmlns="http://www.loc.gov/MARC21/slim" xmlns:xsi="http://www.w3.org/2001/XMLSchema-instance" xsi:schemaLocation="http://www.loc.gov/MARC21/slim http://www.loc.gov/standards/marcxml/schema/MARC21slim.xsd">
	<leader>     nam a22        4500</leader>
	<controlfield tag="001">b12968602</controlfield>
	<controlfield tag="003">UaCaAUL</controlfield>
	<controlfield tag="006">m        d        </controlfield>
	<controlfield tag="007">cr cn |||m|||a</controlfield>
	<controlfield tag="008">170829s1862    ti      o     000 0 arard</controlfield>
	<datafield ind1=" " ind2=" " tag="040">
		<subfield code="a">NNU</subfield>
		<subfield code="b">eng</subfield>
		<subfield code="e">rda</subfield>
		<subfield code="c">NNU</subfield>
	</datafield>
	<datafield ind1=" " ind2=" " tag="066">
		<subfield code="c">(3</subfield>
		<subfield code="c">(4</subfield>
	</datafield>
	<datafield ind1=" " ind2="4" tag="050">
		<subfield code="a">JC393.A3</subfield>
		<subfield code="b">A28 1862</subfield>
	</datafield>
	<datafield ind1="0" ind2=" " tag="100">
		<subfield code="6">880-01</subfield>
		<subfield code="a">Abū Ḥammū</subfield>
		<subfield code="b">II,</subfield>
		<subfield code="c">Sultan of the Central Maghrib,</subfield>
		<subfield code="d">1323-1389.</subfield>
	</datafield>
	<datafield ind1="1" ind2="0" tag="240">
		<subfield code="6">880-02</subfield>
		<subfield code="a">Wāsiṭat al-sulūk fī siyāsat al-mulūk</subfield>
	</datafield>
	<datafield ind1="1" ind2="0" tag="245">
		<subfield code="6">880-03</subfield>
		<subfield code="a">Kitāb wāsiṭat al-sulūk fī siyāsat al-mulūk /</subfield>
		<subfield code="c">taʼlīf Mūsá ibn Yūsuf Abū Ḥammū ibn Zayyān.</subfield>
	</datafield>
	<datafield ind1=" " ind2=" " tag="260">
		<subfield code="6">880-04</subfield>
		<subfield code="a">Tūnis :</subfield>
		<subfield code="b">Maṭbaʻat al-Dawlah al-Tūnisīyah,</subfield>
		<subfield code="c">1279 [1862 or 1863]</subfield>
	</datafield>
	<datafield ind1=" " ind2=" " tag="300">
		<subfield code="a">online resource (175 pages)</subfield>
	</datafield>
	<datafield ind1=" " ind2=" " tag="336">
		<subfield code="a">text</subfield>
		<subfield code="2">rdacontent</subfield>
	</datafield>
	<datafield ind1=" " ind2=" " tag="337">
		<subfield code="a">computer</subfield>
		<subfield code="2">rdamedia</subfield>
	</datafield>
	<datafield ind1=" " ind2=" " tag="338">
		<subfield code="a">online resource</subfield>
		<subfield code="2">rdacarrier</subfield>
	</datafield>
	<datafield ind1=" " ind2=" " tag="500">
		<subfield code="a">Caption title.</subfield>
	</datafield>
	<datafield ind1=" " ind2=" " tag="500">
		<subfield code="a">Part of the Arabic Collections Online (ACO) project, contributed by American University in Cairo Library.</subfield>
	</datafield>
	<datafield ind1=" " ind2=" " tag="533">
		<subfield code="a">Electronic reproduction.</subfield>
		<subfield code="b">New York, N.Y. :</subfield>
		<subfield code="c">New York University,</subfield>
		<subfield code="d">2017.</subfield>
		<subfield code="5">NNU</subfield>
	</datafield>
	<datafield ind1=" " ind2="0" tag="650">
		<subfield code="a">Kings and rulers</subfield>
		<subfield code="x">Duties</subfield>
		<subfield code="v">Early works to 1800.</subfield>
	</datafield>
	<datafield ind1=" " ind2="7" tag="650">
		<subfield code="a">Kings and rulers</subfield>
		<subfield code="x">Duties.</subfield>
		<subfield code="2">fast</subfield>
		<subfield code="0">(OCoLC)fst00987703</subfield>
	</datafield>
	<datafield ind1=" " ind2="7" tag="655">
		<subfield code="a">Early works.</subfield>
		<subfield code="2">fast</subfield>
		<subfield code="0">(OCoLC)fst01411636</subfield>
	</datafield>
	<datafield ind1="2" ind2=" " tag="710">
		<subfield code="a">American University in Cairo.</subfield>
		<subfield code="b">Library.</subfield>
	</datafield>
	<datafield ind1="0" ind2=" " tag="730">
		<subfield code="a">Arabic Collections Online.</subfield>
	</datafield>
	<datafield ind1="0" ind2="8" tag="776">
		<subfield code="i">Online version:</subfield>
		<subfield code="a">Abū Ḥammū II, Sultan of the Central Maghrib, 1323-1389.</subfield>
		<subfield code="s">Wāsiṭat al-sulūk fī siyāsat al-mulūk.</subfield>
		<subfield code="t">Kitāb wāsiṭat al-sulūk fī siyāsat al-mulūk.</subfield>
		<subfield code="d">Tūnis : Maṭbaʻat al-Dawlah al-Tūnisīyah, 1279 [1862 or 1863]</subfield>
		<subfield code="w">(OCoLC)692068393</subfield>
	</datafield>
	<datafield ind1="0" ind2="8" tag="776">
		<subfield code="i">Print version:</subfield>
		<subfield code="a">Abū Ḥammū II, Sultan of the Central Maghrib, 1323-1389.</subfield>
		<subfield code="t">Kitāb wāsiṭat al-sulūk fī siyāsat al-mulūk</subfield>
		<subfield code="w">(UaCaAUL)b12968602</subfield>
		<subfield code="w">(OCoLC)40191886</subfield>
	</datafield>
	<datafield ind1="4" ind2="0" tag="856">
		<subfield code="u">http://hdl.handle.net/2333.1/xksn07n4</subfield>
	</datafield>
	<datafield ind1="0" ind2=" " tag="880">
		<subfield code="6">100-01/(3/r</subfield>
		<subfield code="a">أبو حمو الثاني.</subfield>
	</datafield>
	<datafield ind1="1" ind2="0" tag="880">
		<subfield code="6">240-02/(3/r</subfield>
		<subfield code="a">واسطة السلوك في سياسة الملوك</subfield>
	</datafield>
	<datafield ind1="1" ind2="0" tag="880">
		<subfield code="6">245-03/(4/r</subfield>
		<subfield code="a">کتاب واسطة السلوك في سياسة الملوك /</subfield>
		<subfield code="c">تأليف موسى بن يوسف أبو حمو بن زيان.</subfield>
	</datafield>
	<datafield ind1=" " ind2=" " tag="880">
		<subfield code="6">260-04/(3/r</subfield>
		<subfield code="a">تونس :</subfield>
		<subfield code="b">مطبعة الدولة التونسية،</subfield>
		<subfield code="c">1279 [1862 أو 1863]</subfield>
	</datafield>
	<datafield ind1=" " ind2=" " tag="959">
		<subfield code="a">NNU</subfield>
		<subfield code="b">WEB</subfield>
		<subfield code="c">GENI</subfield>
		<subfield code="t">0</subfield>
		<subfield code="m">Electronic access</subfield>
		<subfield code="s">01</subfield>
	</datafield>
	<datafield ind1=" " ind2=" " tag="999">
		<subfield code="i">UaCaAUL_b12968602</subfield>
		<subfield code="o">(OCoLC)ocm40191886</subfield>
		<subfield code="s">auc_aco000094</subfield>
	</datafield>
</record>
